<?xml version="1.0" encoding="UTF-8"?><collection xmlns="http://www.loc.gov/MARC21/slim"><record><leader>00406nam--2200133-i-4500</leader><controlfield tag="001">000034953</controlfield><controlfield tag="002">20161230</controlfield><controlfield tag="005">20161230201040</controlfield><controlfield tag="008">060222s1000------------r-----000-0-eng-d</controlfield><datafield ind1=" " ind2=" " tag="080"><subfield code="a">530.145.6</subfield></datafield><datafield ind1=" " ind2=" " tag="100"><subfield code="a">Nance, John Roland</subfield></datafield><datafield ind1=" " ind2=" " tag="245"><subfield code="a">On the construction of macroscopically local relativistic quantum theories.thesis</subfield></datafield><datafield ind1=" " ind2=" " tag="260"><subfield code="a">Ann Arbor, Michingan, University Microfilms, Inc, 1966. 66p</subfield></datafield><datafield ind1=" " ind2=" " tag="852"><subfield code="a">29953</subfield></datafield></record></collection>